% This file was created with JabRef 2.10.
% Encoding: UTF8


@Inproceedings{afonicheva2016growth,
  Title                    = {Growth Characteristics of Nanostructured Lead Sulfide Films Prepared by Chemical Bath Deposition // 2016 IEEE NW Russia Young Researchers in Electrical and Electronic Engineering Conference. 2016. P. 9–11.},
  Author                   = {Afonicheva, P. K. and Matyushkin, L. B.},
  Booktitle                = {2016 IEEE NW Russia Young Researchers in Electrical and Electronic Engineering Conference (EIConRusNW)},
  Year                     = {2016},
  Doi                      = {10.1109/EIConRusNW.2016.7448104},
  Eventdate                = {2016-02-03/2016-02-03},
  Organization             = {IEEE},
  Pages                    = {9--11},

  Hyphenation              = {english}
}

@Inproceedings{aleksandrova2013phospinefree,
  Title                    = {Phosphine-free synthesis of CdSe colloidal quantum dots with inverse order of fluorescence color},
  Author                   = {Aleksandrova, O. A. and Gordushenkov, O. E. and Matyushkin, L. B. and Menkovich, E. A. and Mikhailov, I. I. and Moshnikov, V. A. and Romanovskiy, D. S. and Tarasov, S. A.},
  Booktitle                = {21st Int. Symp. "Nanostructures: Physics and Technology"},
  Year                     = {2013},
  Pages                    = {298--299},

  Hyphenation              = {english}
}

@Inproceedings{aleksandrova2015flow,
  Title                    = {A flow reactor for synthesis of nanoparticles with a system of optical diagnostics},
  Author                   = {Aleksandrova, O. A. and Matyushkin, L. B. and Moshnikov, V. A. and Ryzhov, O. A.},
  Booktitle                = {Young Researchers in Electrical and Electronic Engineering Conference (EIConRusNW), 2015 IEEE NW Russia},
  Year                     = {2015},
  Doi                      = {10.1109/EIConRusNW.2015.7102220},
  Eventdate                = {2015-02-02/2015-02-04},
  Organization             = {IEEE},
  Pages                    = {13},

  Hyphenation              = {english}
}

@Article{Aleksandrova2014,
  Title                    = {Features of colloidal quantum dots synthesis in nonpolar and aqueous media},
  Author                   = {Aleksandrova, O. A. and Mazing, D. S. and Matyushkin, L. B. and Moshnikov, V. A. and Pshchelko, N. S.},
  Year                     = {2014},
  Number                   = {2},
  Pages                    = {61},
  Volume                   = {5},

  Hyphenation              = {english},
  Journal                  = {Smart Nanocomposites},
  Publisher                = {Nova Science Publishers, Inc.}
}

@Inproceedings{aleksandrova2015synthesis,
  Title                    = {Synthesis of transition metal doped zinc selenide nanoparticles for bioimaging},
  Author                   = {Aleksandrova, O. A. and Mazing, D. S. and Matyushkin, L. B. and Musikhin, S. F. and Nikiforova, A. V. and Moshnikov, V. A. and Barzda, V.},
  Booktitle                = {Photonics North, 2015},
  Year                     = {2015},
  Doi                      = {10.1109/PN.2015.7292477},
  Eventdate                = {2015-06-09/2015-09-11},
  Organization             = {IEEE},
  Pages                    = {1},

  Hyphenation              = {english}
}

@Article{Aleksandrova2015,
  Title                    = {Development of Flow Reactor for the Synthesis of Semiconductor and Metal Nanoparticles},
  Author                   = {Aleksandrova, O. A. and Moshnikov, V. A. and Matyushkin, L. B. and Mbwanche, R. C. and Ryzhov, O. A.},
  Year                     = {2015},
  Number                   = {15},
  Pages                    = {14--21},

  Hyphenation              = {english},
  Journal                  = {Humanities \& Science University Journal}
}

@Article{Aleshin2017,
  Title                    = {Solution-processed field-effect transistors based on polyfluorene--cesium lead halide nanocrystals composite films with small hysteresis of output and transfer characteristics},
  Author                   = {Aleshin, A. N. and Shcherbakov, I. P. and Gushchina, E. V. and Matyushkin, L. B. and Moshnikov, V. A.},
  Year                     = {2017},
  Doi                      = {10.1016/j.orgel.2017.08.004},
  Pages                    = {213--219},
  Volume                   = {50},

  Hyphenation              = {english},
  Journal                  = {Organic Electronics},
  Publisher                = {Elsevier}
}

@Inproceedings{andronov2016cadmium,
  Title                    = {Cadmium Sulfide Thin Films Produced by Successive Ionic Layer Adsorption and Reaction Method},
  Author                   = {Andronov, A. O. and Matyushkin, L. B. and Hondryukov, D. V.},
  Booktitle                = {2016 IEEE NW Russia Young Researchers in Electrical and Electronic Engineering Conference (EIConRusNW)},
  Year                     = {2016},
  Doi                      = {10.1109/EIConRusNW.2016.7448107},
  Organization             = {IEEE},
  Pages                    = {19--22},

  Hyphenation              = {english}
}

@Article{Andronov2017,
  Title                    = {An automatic apparatus for the preparation of thin films by successive ionic layer deposition},
  Author                   = {Andronov, A. O. and Matyushkin, L. B. and Khondryukov, D. V. and Aleksandrova, A. O. and Moshnikov, V. A.},
  Year                     = {2017},
  Doi                      = {10.1134/S0020441217050141},
  Number                   = {6},
  Pages                    = {888--891},
  Volume                   = {60},

  File                     = {:home/leo/Yandex.Disk/Publications/Papers/2017 - Andronov, Matyushkin - SILD.pdf:PDF},
  Hyphenation              = {english},
  Journal                  = {Instruments and Experimental Techniques},
  Publisher                = {Springer}
}

@Inproceedings{NMRCM2013,
  Title                    = {Study of NMR relaxation in suspensions of magnetite-silica nanocomposite},
  Author                   = {Bogachev, Yu. V. and Chernenco, Ju. S. and Gareev, K. G. and Kononova, I. E. and Matyushkin, L. B. and Moshnikov, V. A.},
  Booktitle                = {International Symposium and Summer School Nuclear Magnetic Resonance in Condensed Matter},
  Year                     = {2013},
  Eventdate                = {2013-07-08/2013-07-12},
  Location                 = {Saint-Petersburg},
  Pages                    = {69},

  Hyphenation              = {english}
}

@Article{Bogachev2014,
  Title                    = {The Study of Aggregation Processes in Colloidal Solutions of Magnetite--Silica Nanoparticles by NMR Relaxometry, AFM, and UV--Vis-Spectroscopy},
  Author                   = {Bogachev, Yu. V. and Chernenco, Ju. S. and Gareev, K. G. and Kononova, I. E. and Matyushkin, L. B. and Moshnikov, V. A. and Nalimova, S. S.},
  Year                     = {2014},
  Doi                      = {10.1007/s00723-014-0525-7},
  Number                   = {4},
  Pages                    = {329--337},
  Volume                   = {45},

  Hyphenation              = {english},
  Journal                  = {Applied Magnetic Resonance},
  Publisher                = {Springer}
}

@Article{bogachev2013study,
  Title                    = {Study of magnetite nanoparticle suspensions by photometry and NMR relaxometry},
  Author                   = {Bogachev, Yu. V. and Gareev, K. G. and Matyushkin, L. B. and Moshnikov, V. A. and Naumova, A. N.},
  Year                     = {2013},
  Doi                      = {10.1134/S106378341312007X},
  Number                   = {12},
  Pages                    = {2431--2435},
  Volume                   = {55},

  Hyphenation              = {english},
  Journal                  = {Physics of the Solid State},
  Publisher                = {Springer}
}

@Inproceedings{forumen2015,
  Title                    = {Synthesis of colloidal quantum dots for medical and biological scientific research},
  Author                   = {Drobintseva, A. O. and Kvetnoy, I. M. and Krylova, Y. S. and Polyakova, V. O. and Moshnikov, V. A. and Musikhin, S. F. and Aleksandrova, O. A. and Mazing, D. S. and Matyushkin, L. B. and Ryzhov, O. A.},
  Booktitle                = {IV Forum Strategic Partnership of Universities and Enterprises of Hi-Tech Branches (Science. Education. Innovations)},
  Year                     = {2015},
  Doi                      = {10.1109/IVForum.2015.7388269},
  Eventdate                = {2015-11-11/2015-11-13},
  Pages                    = {107--108},

  Hyphenation              = {english}
}

@Article{Drobintseva2015,
  Title                    = {Colloidal CdSe and ZnSe/Mn quantum dots: Their cytotoxicity and effects on cell morphology},
  Author                   = {Drobintseva, A. O. and Matyushkin, L. B. and Aleksandrova, O. A. and Drobintsev, P. D. and Kvetnoy, I. M. and Mazing, D. S. and Moshnikov, V. A. and Polyakova, V. O. and Musikhin, S. F.},
  Year                     = {2015},
  Doi                      = {10.1016/j.spjpm.2015.11.003},
  Number                   = {3},
  Pages                    = {272--277},
  Volume                   = {1},

  Hyphenation              = {english},
  Journal                  = {St. Petersburg Polytechnical University Journal: Physics and Mathematics},
  Publisher                = {Elsevier}
}

@Inproceedings{fedoseev2017zno,
  Title                    = {ZnO and aluminium doped ZnO thin films synthesis by ultrasonic spray pyrolysis technique},
  Author                   = {Fedoseev, A. G. and Lashkova, N. A. and Matyushkin, L. B.},
  Booktitle                = {Young Researchers in Electrical and Electronic Engineering (EIConRus), 2017 IEEE Conference of Russian},
  Year                     = {2017},
  Organization             = {IEEE},
  Pages                    = {1391--1393},

  Hyphenation              = {english}
}

@Article{ilinykh2016sol,
  Title                    = {Sol-gel fabrication of one-dimensional photonic crystals with predicted transmission spectra},
  Author                   = {Ilinykh, V. A. and Matyushkin, L. B.},
  Year                     = {2016},
  Doi                      = {10.1088/1742-6596/741/1/012008},
  Number                   = {1},
  Pages                    = {012008},
  Volume                   = {741},

  Hyphenation              = {english},
  Journal                  = {Journal of Physics: Conference Series},
  Organization             = {IOP Publishing}
}

@Inproceedings{ilinykh2016fabrication,
  Title                    = {Fabrication of one-dimensional photonic crystals by sol-gel method},
  Author                   = {Ilinykh, VA and Matyushkin, LB},
  Booktitle                = {2016 IEEE NW Russia Young Researchers in Electrical and Electronic Engineering Conference (EIConRusNW)},
  Year                     = {2016},
  Doi                      = {10.1109/EIConRusNW.2016.7448115},
  Organization             = {IEEE},
  Pages                    = {47--50},

  Hyphenation              = {english}
}

@Article{matyushkin2017plasmonic,
  Title                    = {Plasmonic enhancement of photoluminescence from cadmium sulfide and lead sulfide quantum dots},
  Author                   = {Matyushkin, L. and Percova, A. },
  Journaltitle             = {Journal of Physics: Conference Series},
  Year                     = {2017},
  Doi                      = {10.1088/1742-6596/929/1/012091},
  Pages                    = {012091},
  Volume                   = {929},

  Hyphenation              = {english},
  Journal                  = {Journal of Physics: Conference Series},
  Organization             = {IOP Publishing}
}

@Article{Matyushkin2017c,
  Title                    = {A device for measuring the scattering indicatrix of the nanomaterial synthesis process},
  Author                   = {Matyushkin, L. B. and Aleksandrova, O. A. and Moshnikov, V. A.},
  Year                     = {2017},
  Doi                      = {10.1134/S1087659617030063},
  Number                   = {3},
  Pages                    = {263--266},
  Volume                   = {43},

  Hyphenation              = {english},
  Journal                  = {Glass Physics and Chemistry},
  Publisher                = {Springer}
}

@Inproceedings{matyushkin2017EMRS,
  Title                    = {EMRS Fall Meeting},
  Author                   = {Matyushkin, L. B. and Ken, O. S. and Moshnikov, V. A. and Spivak, Yu. M. and Sreseli, O. M. and Terukov, E. I. and Yassievich, I. N.},
  Booktitle                = {Symposium G. Perovskite Solar Cells},
  Year                     = {2017},
  Organization             = {EMRS},
  Pages                    = {G.8.3},

  Hyphenation              = {english}
}

@Article{Matyushkin2017b,
  Title                    = {Photoluminescence of perovskite CsPbX$_3$ (X = Cl, Br, I) nanocrystals and solid solutions on their basis},
  Author                   = {Matyushkin, L. B. and Moshnikov, V. A.},
  Year                     = {2017},
  Doi                      = {10.1134/S106378261710013X},
  Number                   = {10},
  Pages                    = {1337--1342},
  Volume                   = {51},

  File                     = {:home/leo/Yandex.Disk/Publications/Papers/2017 - Matyushkin, Moshnikov - Photoluminescence of Perovskite CsPbX3.pdf:PDF},
  Hyphenation              = {english},
  Journal                  = {Semiconductors},
  Publisher                = {Springer}
}

@Inproceedings{matyushkin2016PCNSPA,
  Title                    = {Plasmon-Enhanced Luminescence of Quantum Dots},
  Author                   = {Matyushkin, L. B. and Moshnikov, V. A.},
  Booktitle                = {Photonic Colloidal Nanostructures: Synthesis, Properties and Applications},
  Year                     = {2016},
  Eventdate                = {2016-06-27/2016-07-01},
  Pages                    = {135},

  Hyphenation              = {english}
}

@Article{matyushkin2013investigation,
  Title                    = {Investigation of the optical properties of nanoporous membranes based on Alumina},
  Author                   = {Matyushkin, L. B. and Muratova, E.N.},
  Year                     = {2013},
  Number                   = {1},
  Pages                    = {85},
  Volume                   = {4},

  Hyphenation              = {english},
  Journal                  = {Smart Nanocomposites},
  Publisher                = {Nova Science Publishers, Inc.}
}

@Article{Matyushkin2017,
  Title                    = {Determination of the alumina membrane geometrical parameters using its optical spectra},
  Author                   = {Matyushkin, L. B. and Muratova, E. N. and Panov, M. F.},
  Year                     = {2017},
  Doi                      = {10.1049/mnl.2016.0353},
  Number                   = {2},
  Pages                    = {100--103},
  Volume                   = {12},

  Hyphenation              = {english},
  Journal                  = {IET Micro \& Nano Letters},
  Publisher                = {IET}
}

@Article{matyushkin2014optical,
  Title                    = {Optical transmission spectra of porous aluminamembranes with different pore size},
  Author                   = {Matyushkin, L. B. and Muratova, E. N. and Spivak, Yu. M. and Shimanova, V. V. and Korlyakova, S. A. and Moshnikov, V. A.},
  Year                     = {2014},
  Doi                      = {10.1088/1742-6596/572/1/012031},
  Number                   = {1},
  Pages                    = {012031},
  Volume                   = {572},

  Hyphenation              = {english},
  Journal                  = {Journal of Physics: Conference Series},
  Publisher                = {IOP Publishing}
}

@Article{Matyushkin2018,
  Title                    = {Enhanced Luminescence of Quantumd Dots near a Layer of Ag/SiO$_2$ Nanoparticles},
  Author                   = {Matyushkin, L. B. and Pertsova, A. and Moshnikov, V. A.},
  Journaltitle             = {Technical Physics Letters},
  Year                     = {2018},
  Doi                      = {10.1134/S1063785018040211},
  Number                   = {4},
  Pages                    = {331--333},
  Volume                   = {44},

  File                     = {:home/leo/Yandex.Disk/Publications/Papers/2018 - Matyushkin, Percova, Moshnikov.pdf:PDF},
  Hyphenation              = {english},
  Journal                  = {Technical Physics Letters},
  Publisher                = {Springer}
}

@Article{Matyushkin2017a,
  Title                    = {Morphology, optical, and adsorption properties of copper-oxide layers deposited from complex compound solutions},
  Author                   = {Matyushkin, L. B. and Reshetnikova, A. A. and Andronov, A. O. and Afonicheva, P. K. and Myakin, S. V. and Permiakov, N. V. and Moshnikov, V. A.},
  Year                     = {2017},
  Doi                      = {10.1134/S1063782617050165},
  Number                   = {5},
  Pages                    = {586--590},
  Volume                   = {51},

  Hyphenation              = {english},
  Journal                  = {Semiconductors},
  Publisher                = {Springer}
}

@Article{Matyushkin2018a,
  Title                    = {Effect of gamma irradiation on the photoluminescence of CsPbBr$_3$ and CdSe/ZnS nanocrystals},
  Author                   = {Matyushkin, L. B. and Romanov, N. M.},
  Year                     = {2018},
  Doi                      = {10.1364/JOT.85.000119},
  Number                   = {2},
  Pages                    = {119--121},
  Volume                   = {85},

  File                     = {:home/leo/Yandex.Disk/Publications/Papers/2018 - Matyushkin, Romanov - Gamma Perovskite.pdf:PDF},
  Hyphenation              = {english},
  Journal                  = {Journal of Optical Technology}
}

@Article{Matyushkin2016,
  Title                    = {Synthesis of metal and semiconductor nanoparticles in a flow of immiscible liquids},
  Author                   = {Matyushkin, L. B. and Ryzhov, O. A. and Aleksandrova, O. A. and Moshnikov, V. A.},
  Year                     = {2016},
  Doi                      = {10.1134/S1063782616060166},
  Number                   = {6},
  Pages                    = {844--847},
  Volume                   = {50},

  Hyphenation              = {english},
  Journal                  = {Semiconductors},
  Publisher                = {Springer}
}

@Article{Mazing2015,
  Title                    = {Preparation of cadmium selenide colloidal quantum dots in non-coordinating solvent octadecene},
  Author                   = {Mazing, D. S. and Brovko, A. M. and Matyushkin, L. B., and Aleksandrova, O. A. and Moshnikov, V. A.},
  Year                     = {2015},
  Doi                      = {10.1088/1742-6596/661/1/012033},
  Pages                    = {012033},
  Volume                   = {661},

  Hyphenation              = {english},
  Journal                  = {Journal of Physics: Conference Series},
  Publisher                = {IOP Publishing}
}

@Article{mazing2014synthesis,
  Title                    = {Synthesis of cadmium selenide colloidal quantum dots in aquatic medium},
  Author                   = {Mazing, D. S. and Matyushkin, L. B. and Aleksandrova, O. A. and Mikhailov, I. I. and Moshnikov, V. A. and Tarasov, S. A.},
  Year                     = {2014},
  Doi                      = {10.1088/1742-6596/572/1/012028},
  Number                   = {1},
  Pages                    = {012028},
  Volume                   = {572},

  Hyphenation              = {english},
  Journal                  = {Journal of Physics: Conference Series},
  Publisher                = {IOP Publishing}
}

@Inproceedings{mazing2016PCNSPA,
  Title                    = {Synthesis and Characterization of Colloidal Nanocrystals of Ternary Metal Chalcogenides},
  Author                   = {Mazing, D. S. and Shul'ga, A. I. and Matyushkin, L. B. and Aleksandrova, O. A. and Moshnikov, V. A.},
  Booktitle                = {Photonic Colloidal Nanostructures: Synthesis, Properties and Applications},
  Year                     = {2016},
  Eventdate                = {2016-06-27/2016-07-01},
  Pages                    = {186},

  Hyphenation              = {english}
}

@Article{Mazing2017,
  Title                    = {Synthesis and characterization of colloidal nanocrystals of ternary chalcogenide compounds},
  Author                   = {Mazing, D. S. and Shul’ga, A. I. and Matyushkin, L. B. and Aleksandrova, O. A. and Moshnikov, V. A.},
  Year                     = {2017},
  Doi                      = {10.1134/S0030400X17010179},
  Number                   = {1},
  Pages                    = {110--113},
  Volume                   = {122},

  Hyphenation              = {english},
  Journal                  = {Optics and Spectroscopy},
  Publisher                = {Springer}
}

@Article{Mbwahnche2017,
  Title                    = {Synthesis of Quantum Dot Nanocrystals and Plasmonic Nanoparticles Using a Segmented Flow Reactor},
  Author                   = {Mbwahnche, R. C. and Matyushkin, L. B. and Ryzhov, O. A. and Aleksandrova, O. A. and Moshnikov, V. A.},
  Year                     = {2017},
  Doi                      = {10.1134/S0030400X17010180},
  Number                   = {1},
  Pages                    = {48--51},
  Volume                   = {122},

  Hyphenation              = {english},
  Journal                  = {Optics and Spectroscopy}
}

@Article{mbwahnche2016segmented,
  Title                    = {Segmented flow reactor for synthesis of quantum dot nanocrystals and plasmonic nanoparticles},
  Author                   = {Mbwahnche, R. C. and Matyushkin, L. B. and Ryzhov, O. A. and Aleksandrova, O. A. and Moshnikov, V. A.},
  Year                     = {2016},
  Doi                      = {10.1088/1742-6596/741/1/012026},
  Number                   = {1},
  Pages                    = {012026},
  Volume                   = {741},

  Hyphenation              = {english},
  Journal                  = {Journal of Physics: Conference Series},
  Organization             = {IOP Publishing}
}

@Inproceedings{mbwanche2016PCNSPA,
  Title                    = {Synthesis of Quantum Dots and Plasmonic Nanoparticles using Segmented Flow Reactor},
  Author                   = {Mbwanche, R. C. and Matyushkin, L. B. and Ryzhov, O. A. and Aleksandrova, O. A. and Moshnikov, V. A.},
  Booktitle                = {Photonic Colloidal Nanostructures: Synthesis, Properties and Applications},
  Year                     = {2016},
  Eventdate                = {2016-06-27/2016-07-01},
  Pages                    = {115--116},

  Hyphenation              = {english}
}

@Inproceedings{ryzhovspbopen2016,
  Title                    = {Segmented flow reactor for synthesis of quantum dot nanocrystals and plasmonic nanoparticles},
  Author                   = {Mbwanche, R. C. and Matyushkin, L. B. and Ryzhov, O. A. and Aleksandrova, O. A. and Moshnikov, V. A.},
  Booktitle                = {3nd International School and Conference on Optoelectronics, Photonics, Engineering and Nanostructures “Saint-Petersburg OPEN 2016”},
  Year                     = {2016},
  Eventdate                = {2015-03-28/2015-03-30},
  Location                 = {Saint-Petersburg},
  Publisher                = {Academic University Publishing},

  Hyphenation              = {english}
}

@Article{mikhailov2014study,
  Title                    = {The study of CdSe colloidal quantum dots synthesized in aqueous and organic media},
  Author                   = {Mikhailov, I. I. and Tarasov, S. A. and Solomonov, A. V. and Aleksandrova, O. A. and Matyushkin, L. B. and Mazing, D. S.},
  Year                     = {2014},
  Doi                      = {10.1088/1742-6596/572/1/012029},
  Number                   = {1},
  Pages                    = {012029},
  Volume                   = {572},

  Hyphenation              = {english},
  Journal                  = {Journal of Physics: Conference Series},
  Publisher                = {IOP Publishing}
}

@Article{mikhailov2014investigation,
  Title                    = {The investigation of the luminescence properties of colloidal quantum dots based on cadmium chalcogenides},
  Author                   = {Mikhailov, I. I. and Tarasov, S. А. and Solomonov, А. V. and Matyushkin, L. В. and Mazing, D. S.},
  Year                     = {2014},
  Pages                    = {187},
  Volume                   = {2},

  Hyphenation              = {english},
  Journal                  = {Functional materials}
}

@Article{Muratova2017,
  Title                    = {Features of the formation of nanoporous membranes based on alumina from foil and new fields of applications},
  Author                   = {Muratova, E. N. and Luchinin, V. V. and Moshnikov, V. A. and Lifshits, V. A. and Matyushkin, L. B. and Panov, M. F. and Potrakhov, N. N. and Galunin, S. A. and Ishin, V. V. and Shemukhin, A. A.},
  Year                     = {2017},
  Doi                      = {10.1134/S1087659617020122},
  Number                   = {2},
  Pages                    = {163--169},
  Volume                   = {43},

  Hyphenation              = {english},
  Journal                  = {Glass Physics and Chemistry},
  Publisher                = {Springer}
}

@Article{muratova2017thermal,
  Title                    = {Thermal radiation shielding by nanoporous membranes based on anodic alumina},
  Author                   = {Muratova, E. N. and Matyushkin, L. B. and Moshnikov, V. A. and Chernyakova, K. V. and Vrublevsky, I. A.},
  Year                     = {2017},
  Doi                      = {10.1088/1742-6596/872/1/012020},
  Number                   = {1},
  Pages                    = {012020},
  Volume                   = {872},

  Booktitle                = {Journal of Physics: Conference Series},
  Hyphenation              = {english},
  Organization             = {IOP Publishing}
}

@Article{Nestoklon2018,
  Title                    = {Optical orientation and alignment of excitons in ensembles of inorganic perovskite nanocrystals},
  Author                   = {Nestoklon, MO and Goupalov, SV and Dzhioev, RI and Ken, OS and Korenev, VL and Kusrayev, Yu G and Sapega, VF and de Weerd, Chris and Gomez, Leyre and Gregorkiewicz, Tom and others},
  Journaltitle             = {Physical Review B},
  Year                     = {2018},
  Doi                      = {10.1103/PhysRevB.97.235304},
  Number                   = {23},
  Pages                    = {235304},
  Volume                   = {97},

  Abstract                 = {We demonstrate the optical orientation and alignment of excitons in a two-dimensional layer of CsPbI3  perovskite nanocrystals prepared by colloidal synthesis and measure the anisotropic exchange splitting of exciton levels in the nanocrystals. From the experimental data at low temperature (2 K), we obtain the average value of anisotropic splitting of bright exciton states of the order of 120 $\mu$eV. Our calculations demonstrate that there is a significant contribution to the splitting due to the nanocrystal shape anisotropy for all inorganic perovskite nanocrystrals.},
  File                     = {:home/leo/Yandex.Disk/Publications/Papers/2018 - Nestoklon, Goupalov - PhysRevB.pdf:PDF},
  Hyphenation              = {english},
  Journal                  = {Physical Review B},
  Publisher                = {APS}
}

@Article{percova2017synthesis,
  Title                    = {Synthesis and postsynthetic anion exchange of CsPbX$_3$ (X = Cl, Br, I) quantum dots},
  Author                   = {Percova, A. and Matyushkin, L. B.},
  Year                     = {2017},
  Doi                      = {10.1088/1742-6596/917/6/062041},
  Number                   = {6},
  Pages                    = {062041},
  Volume                   = {917},

  Hyphenation              = {english},
  Journal                  = {Journal of Physics: Conference Series},
  Organization             = {IOP Publishing}
}

@Article{reshetnikova2017layer,
  Title                    = {Layer-by-layer deposition of nanostructured CsPbBr$_3$ perovskite thin films},
  Author                   = {Reshetnikova, A. A. and Matyushkin, L. B. and Andronov, A. A. and Sokolov, V. S. and Aleksandrova, O. A. and Moshnikov, V. A.},
  Year                     = {2017},
  Doi                      = {10.1088/1742-6596/917/5/052023},
  Number                   = {5},
  Pages                    = {052023},
  Volume                   = {917},

  Hyphenation              = {english},
  Journal                  = {Journal of Physics: Conference Series},
  Organization             = {IOP Publishing}
}

@Inproceedings{reshetnikova2017metal,
  Title                    = {Metal oxide film formation from coordination complex solutions by surface layer-by-layer chemical deposition technique},
  Author                   = {Reshetnikova, A. A. and Matyushkin, L. B. and Andronov, A. O.},
  Booktitle                = {Young Researchers in Electrical and Electronic Engineering (EIConRus), 2017 IEEE Conference of Russian},
  Year                     = {2017},
  Eventdate                = {2017-02-01/2016-02-03},
  Organization             = {IEEE},
  Pages                    = {1416--1418},

  Hyphenation              = {english}
}

@Inproceedings{romanova2017sol,
  Title                    = {Sol-gel fabrication of one-dimensional photonic crystals},
  Author                   = {Romanova, V. A. and Matyushkin, L. B.},
  Booktitle                = {Young Researchers in Electrical and Electronic Engineering (EIConRus), 2017 IEEE Conference of Russian},
  Year                     = {2017},
  Doi                      = {10.1109/EIConRus.2017.7910838},
  Organization             = {IEEE},
  Pages                    = {1423--1427},

  Hyphenation              = {english}
}

@Article{romanova2017experimental,
  Title                    = {Experimental sol-gel fabrication and theoretical simulation of one-dimensional photonic crystals with a defect state},
  Author                   = {Romanova, VA and Somov, PA and Matyushkin, LB},
  Year                     = {2017},
  Doi                      = {10.1088/1742-6596/917/6/062049},
  Number                   = {6},
  Pages                    = {062049},
  Volume                   = {917},

  Hyphenation              = {english},
  Journal                  = {Journal of Physics: Conference Series},
  Organization             = {IOP Publishing}
}

@Article{Ryzhov2015,
  Title                    = {The flow reactor system for in-line synthesis of semiconductor nanoparticle},
  Author                   = {Ryzhov, O. A. and Matyushkin, L. B.},
  Year                     = {2015},
  Doi                      = {10.1088/1742-6596/643/1/012016},
  Number                   = {1},
  Pages                    = {012016},
  Volume                   = {643},

  Hyphenation              = {english},
  Journal                  = {Journal of Physics: Conference Series},
  Publisher                = {IOP Publishing}
}

@Inproceedings{ryzhovspbopen2015,
  Title                    = {The flow reactor system for in-line synthesis of semiconductor nanoparticles},
  Author                   = {Ryzhov, O. A. and Matyushkin, L. B.},
  Booktitle                = {2nd International School and Conference on Optoelectronics, Photonics, Engineering and Nanostructures “Saint-Petersburg OPEN 2015”},
  Year                     = {2015},
  Eventdate                = {2015-04-06/2015-04-08},
  Location                 = {Saint-Petersburg},
  Pages                    = {328--329},
  Publisher                = {Academic University Publishing},

  Hyphenation              = {english}
}

@Article{tarasov2014study,
  Title                    = {Study of the self-organization processes in lead sulfide quantum dots},
  Author                   = {Tarasov, S. A. and Aleksandrova, O. A. and Maksimov, A. I. and Maraeva, E. V. and Matyushkin, L. B. and Men’kovich, E. A. and Moshnikov, V. A. and Musikhin, S. F.},
  Year                     = {2014},
  Doi                      = {10.1134/S1063782614130132},
  Number                   = {13},
  Pages                    = {1729--1731},
  Volume                   = {48},

  Hyphenation              = {english},
  Journal                  = {Semiconductors},
  Publisher                = {Springer}
}

@Article{viazmitinov2014synthesis,
  Title                    = {Synthesis of core-shell Ag/SiO$_2$ nanoparticles for SPASER structures},
  Author                   = {Viazmitinov, D. V. and Matyushkin, L. B. and Maximov, A. I.},
  Year                     = {2014},
  Doi                      = {10.1088/1742-6596/541/1/012015},
  Number                   = {1},
  Pages                    = {012015},
  Volume                   = {541},

  Hyphenation              = {english},
  Journal                  = {Journal of Physics: Conference Series},
  Publisher                = {IOP Publishing}
}

