% This file was created with JabRef 2.10.
% Encoding: UTF8


@Article{Aleshin2017,
  Title                    = {Solution-processed field-effect transistors based on polyfluorene--cesium lead halide nanocrystals composite films with small hysteresis of output and transfer characteristics},
  Author                   = {Aleshin, A. N. and Shcherbakov, I. P. and Gushchina, E. V. and Matyushkin, L. B. and Moshnikov, V. A.},
  Year                     = {2017},
  Doi                      = {10.1016/j.orgel.2017.08.004},
  Pages                    = {213--219},
  Volume                   = {50},

  Hyphenation              = {english},
  Journal                  = {Organic Electronics},
  Owner                    = {leo},
  Publisher                = {Elsevier},
  Timestamp                = {2018.12.12}
}

@Inproceedings{Andrianov2018,
  Title                    = {Terahertz Optical Characteristics of Organometallic Lead-Iodide (Bromide) Perovskites and Cesium Lead Halide Nanocrystals},
  Author                   = {Andrianov, AV and Aleshin, AN and Zakhar'in, AO and Matyushkin, LB},
  Booktitle                = {2018 43rd International Conference on Infrared, Millimeter, and Terahertz Waves (IRMMW-THz)},
  Year                     = {2018},
  Organization             = {IEEE},
  Pages                    = {1--2},

  Owner                    = {leo},
  Timestamp                = {2018.12.12}
}

@Article{Andronov2017,
  Title                    = {An automatic apparatus for the preparation of thin films by successive ionic layer deposition},
  Author                   = {Andronov, A. O. and Matyushkin, L. B. and Khondryukov, D. V. and Aleksandrova, A. O. and Moshnikov, V. A.},
  Year                     = {2017},
  Doi                      = {10.1134/S0020441217050141},
  Number                   = {6},
  Pages                    = {888--891},
  Volume                   = {60},

  File                     = {:home/leo/Yandex.Disk/Publications/Papers/2017 - Andronov, Matyushkin - SILD.pdf:PDF},
  Hyphenation              = {english},
  Journal                  = {Instruments and Experimental Techniques},
  Owner                    = {leo},
  Publisher                = {Springer},
  Timestamp                = {2018.12.12}
}

@Article{Bogachev2014,
  Title                    = {The Study of Aggregation Processes in Colloidal Solutions of Magnetite--Silica Nanoparticles by NMR Relaxometry, AFM, and UV--Vis-Spectroscopy},
  Author                   = {Bogachev, Yu. V. and Chernenco, Ju. S. and Gareev, K. G. and Kononova, I. E. and Matyushkin, L. B. and Moshnikov, V. A. and Nalimova, S. S.},
  Year                     = {2014},
  Doi                      = {10.1007/s00723-014-0525-7},
  Number                   = {4},
  Pages                    = {329--337},
  Volume                   = {45},

  Hyphenation              = {english},
  Journal                  = {Applied Magnetic Resonance},
  Owner                    = {leo},
  Publisher                = {Springer},
  Timestamp                = {2018.12.12}
}

@Article{Bogachev2013,
  Title                    = {Study of magnetite nanoparticle suspensions by photometry and NMR relaxometry},
  Author                   = {Bogachev, Yu. V. and Gareev, K. G. and Matyushkin, L. B. and Moshnikov, V. A. and Naumova, A. N.},
  Year                     = {2013},
  Doi                      = {10.1134/S106378341312007X},
  Number                   = {12},
  Pages                    = {2431--2435},
  Volume                   = {55},

  Hyphenation              = {english},
  Journal                  = {Physics of the Solid State},
  Owner                    = {leo},
  Publisher                = {Springer},
  Timestamp                = {2018.12.12}
}

@Article{Chikalova-Luzina2018,
  Title                    = {Energy transfer in hybrid optoelectronic structures between perovskite nanocrystals and an organic matrix},
  Author                   = {Chikalova-Luzina, Olga P and Aleshin, Andrey N and Shcherbakov, Igor P and Vyatkin, Vadim M and Matyushkin, Leo B},
  Year                     = {2018},
  Pages                    = {230--235},
  Volume                   = {246},

  Journal                  = {Synthetic Metals},
  Owner                    = {leo},
  Publisher                = {Elsevier},
  Timestamp                = {2018.12.12}
}

@Article{Matyushkin2017,
  Title                    = {Plasmonic enhancement of photoluminescence from cadmium sulfide and lead sulfide quantum dots},
  Author                   = {Matyushkin, L. and Percova, A. },
  Journaltitle             = {Journal of Physics: Conference Series},
  Year                     = {2017},
  Doi                      = {10.1088/1742-6596/929/1/012091},
  Pages                    = {012091},
  Volume                   = {929},

  Hyphenation              = {english},
  Journal                  = {Journal of Physics: Conference Series},
  Organization             = {IOP Publishing},
  Owner                    = {leo},
  Timestamp                = {2018.12.12}
}

@Article{Matyushkin2017a,
  Title                    = {A device for measuring the scattering indicatrix of the nanomaterial synthesis process},
  Author                   = {Matyushkin, L. B. and Aleksandrova, O. A. and Moshnikov, V. A.},
  Year                     = {2017},
  Doi                      = {10.1134/S1087659617030063},
  Number                   = {3},
  Pages                    = {263--266},
  Volume                   = {43},

  Hyphenation              = {english},
  Journal                  = {Glass Physics and Chemistry},
  Owner                    = {leo},
  Publisher                = {Springer},
  Timestamp                = {2018.12.12}
}

@Inproceedings{Matyushkin2017b,
  Title                    = {EMRS Fall Meeting},
  Author                   = {Matyushkin, L. B. and Ken, O. S. and Moshnikov, V. A. and Spivak, Yu. M. and Sreseli, O. M. and Terukov, E. I. and Yassievich, I. N.},
  Booktitle                = {Symposium G. Perovskite Solar Cells},
  Year                     = {2017},
  Organization             = {EMRS},
  Pages                    = {G.8.3},

  Hyphenation              = {english},
  Owner                    = {leo},
  Timestamp                = {2018.12.12}
}

@Article{Matyushkin2017c,
  Title                    = {Photoluminescence of perovskite CsPbX$_3$ (X = Cl, Br, I) nanocrystals and solid solutions on their basis},
  Author                   = {Matyushkin, L. B. and Moshnikov, V. A.},
  Year                     = {2017},
  Doi                      = {10.1134/S106378261710013X},
  Number                   = {10},
  Pages                    = {1337--1342},
  Volume                   = {51},

  File                     = {:home/leo/Yandex.Disk/Publications/Papers/2017 - Matyushkin, Moshnikov - Photoluminescence of Perovskite CsPbX3.pdf:PDF},
  Hyphenation              = {english},
  Journal                  = {Semiconductors},
  Owner                    = {leo},
  Publisher                = {Springer},
  Timestamp                = {2018.12.12}
}

@Article{Matyushkin2017d,
  Title                    = {Determination of the alumina membrane geometrical parameters using its optical spectra},
  Author                   = {Matyushkin, L. B. and Muratova, E. N. and Panov, M. F.},
  Year                     = {2017},
  Doi                      = {10.1049/mnl.2016.0353},
  Number                   = {2},
  Pages                    = {100--103},
  Volume                   = {12},

  Hyphenation              = {english},
  Journal                  = {IET Micro \& Nano Letters},
  Owner                    = {leo},
  Publisher                = {IET},
  Timestamp                = {2018.12.12}
}

@Article{Matyushkin2018,
  Title                    = {Enhanced Luminescence of Quantumd Dots near a Layer of Ag/SiO$_2$ Nanoparticles},
  Author                   = {Matyushkin, L. B. and Pertsova, A. and Moshnikov, V. A.},
  Journaltitle             = {Technical Physics Letters},
  Year                     = {2018},
  Doi                      = {10.1134/S1063785018040211},
  Number                   = {4},
  Pages                    = {331--333},
  Volume                   = {44},

  File                     = {:home/leo/Yandex.Disk/Publications/Papers/2018 - Matyushkin, Percova, Moshnikov.pdf:PDF},
  Hyphenation              = {english},
  Journal                  = {Technical Physics Letters},
  Owner                    = {leo},
  Publisher                = {Springer},
  Timestamp                = {2018.12.12}
}

@Article{Matyushkin2017e,
  Title                    = {Morphology, optical, and adsorption properties of copper-oxide layers deposited from complex compound solutions},
  Author                   = {Matyushkin, L. B. and Reshetnikova, A. A. and Andronov, A. O. and Afonicheva, P. K. and Myakin, S. V. and Permiakov, N. V. and Moshnikov, V. A.},
  Year                     = {2017},
  Doi                      = {10.1134/S1063782617050165},
  Number                   = {5},
  Pages                    = {586--590},
  Volume                   = {51},

  Hyphenation              = {english},
  Journal                  = {Semiconductors},
  Owner                    = {leo},
  Publisher                = {Springer},
  Timestamp                = {2018.12.12}
}

@Article{Matyushkin2018a,
  Title                    = {Effect of gamma irradiation on the photoluminescence of CsPbBr$_3$ and CdSe/ZnS nanocrystals},
  Author                   = {Matyushkin, L. B. and Romanov, N. M.},
  Year                     = {2018},
  Doi                      = {10.1364/JOT.85.000119},
  Number                   = {2},
  Pages                    = {119--121},
  Volume                   = {85},

  File                     = {:home/leo/Yandex.Disk/Publications/Papers/2018 - Matyushkin, Romanov - Gamma Perovskite.pdf:PDF},
  Hyphenation              = {english},
  Journal                  = {Journal of Optical Technology},
  Owner                    = {leo},
  Timestamp                = {2018.12.12}
}

@Article{Matyushkin2016,
  Title                    = {Synthesis of metal and semiconductor nanoparticles in a flow of immiscible liquids},
  Author                   = {Matyushkin, L. B. and Ryzhov, O. A. and Aleksandrova, O. A. and Moshnikov, V. A.},
  Year                     = {2016},
  Doi                      = {10.1134/S1063782616060166},
  Number                   = {6},
  Pages                    = {844--847},
  Volume                   = {50},

  Hyphenation              = {english},
  Journal                  = {Semiconductors},
  Owner                    = {leo},
  Publisher                = {Springer},
  Timestamp                = {2018.12.12}
}

@Article{Mazing2017,
  Title                    = {Synthesis and characterization of colloidal nanocrystals of ternary chalcogenide compounds},
  Author                   = {Mazing, D. S. and Shul’ga, A. I. and Matyushkin, L. B. and Aleksandrova, O. A. and Moshnikov, V. A.},
  Year                     = {2017},
  Doi                      = {10.1134/S0030400X17010179},
  Number                   = {1},
  Pages                    = {110--113},
  Volume                   = {122},

  Hyphenation              = {english},
  Journal                  = {Optics and Spectroscopy},
  Owner                    = {leo},
  Publisher                = {Springer},
  Timestamp                = {2018.12.12}
}

@Article{Mbwahnche2017,
  Title                    = {Synthesis of Quantum Dot Nanocrystals and Plasmonic Nanoparticles Using a Segmented Flow Reactor},
  Author                   = {Mbwahnche, R. C. and Matyushkin, L. B. and Ryzhov, O. A. and Aleksandrova, O. A. and Moshnikov, V. A.},
  Year                     = {2017},
  Doi                      = {10.1134/S0030400X17010180},
  Number                   = {1},
  Pages                    = {48--51},
  Volume                   = {122},

  Hyphenation              = {english},
  Journal                  = {Optics and Spectroscopy},
  Owner                    = {leo},
  Timestamp                = {2018.12.12}
}

@Article{Muratova2018,
  Title                    = {IR Scattering by Optically Inhomogeneous Nanoporous Anodic Alumina Films},
  Author                   = {Muratova, EN and Matyushkin, LB and Moshnikov, VA and Chernyakova, KV and Vrublevsky, IA},
  Year                     = {2018},
  Number                   = {6},
  Pages                    = {564--567},
  Volume                   = {54},

  Journal                  = {Inorganic Materials},
  Owner                    = {leo},
  Publisher                = {Springer},
  Timestamp                = {2018.12.12}
}

@Article{Muratova2017,
  Title                    = {Features of the formation of nanoporous membranes based on alumina from foil and new fields of applications},
  Author                   = {Muratova, E. N. and Luchinin, V. V. and Moshnikov, V. A. and Lifshits, V. A. and Matyushkin, L. B. and Panov, M. F. and Potrakhov, N. N. and Galunin, S. A. and Ishin, V. V. and Shemukhin, A. A.},
  Year                     = {2017},
  Doi                      = {10.1134/S1087659617020122},
  Number                   = {2},
  Pages                    = {163--169},
  Volume                   = {43},

  Hyphenation              = {english},
  Journal                  = {Glass Physics and Chemistry},
  Owner                    = {leo},
  Publisher                = {Springer},
  Timestamp                = {2018.12.12}
}

@Article{Nestoklon2018,
  Title                    = {Optical orientation and alignment of excitons in ensembles of inorganic perovskite nanocrystals},
  Author                   = {Nestoklon, MO and Goupalov, SV and Dzhioev, RI and Ken, OS and Korenev, VL and Kusrayev, Yu G and Sapega, VF and de Weerd, Chris and Gomez, Leyre and Gregorkiewicz, Tom and others},
  Journaltitle             = {Physical Review B},
  Year                     = {2018},
  Doi                      = {10.1103/PhysRevB.97.235304},
  Number                   = {23},
  Pages                    = {235304},
  Volume                   = {97},

  Abstract                 = {We demonstrate the optical orientation and alignment of excitons in a two-dimensional layer of CsPbI3 perovskite nanocrystals prepared by colloidal synthesis and measure the anisotropic exchange splitting of exciton levels in the nanocrystals. From the experimental data at low temperature (2 K), we obtain the average value of anisotropic splitting of bright exciton states of the order of 120 $\mu$eV. Our calculations demonstrate that there is a significant contribution to the splitting due to the nanocrystal shape anisotropy for all inorganic perovskite nanocrystrals.},
  File                     = {:home/leo/Yandex.Disk/Publications/Papers/2018 - Nestoklon, Goupalov - PhysRevB.pdf:PDF},
  Hyphenation              = {english},
  Journal                  = {Physical Review B},
  Owner                    = {leo},
  Publisher                = {APS},
  Timestamp                = {2018.12.12}
}

@Article{Percova2017,
  Title                    = {Synthesis and postsynthetic anion exchange of CsPbX$_3$ (X = Cl, Br, I) quantum dots},
  Author                   = {Percova, A. and Matyushkin, L. B.},
  Year                     = {2017},
  Doi                      = {10.1088/1742-6596/917/6/062041},
  Number                   = {6},
  Pages                    = {062041},
  Volume                   = {917},

  Hyphenation              = {english},
  Journal                  = {Journal of Physics: Conference Series},
  Organization             = {IOP Publishing},
  Owner                    = {leo},
  Timestamp                = {2018.12.12}
}

@Article{Reshetnikova2017,
  Title                    = {Layer-by-layer deposition of nanostructured CsPbBr$_3$ perovskite thin films},
  Author                   = {Reshetnikova, A. A. and Matyushkin, L. B. and Andronov, A. A. and Sokolov, V. S. and Aleksandrova, O. A. and Moshnikov, V. A.},
  Year                     = {2017},
  Doi                      = {10.1088/1742-6596/917/5/052023},
  Number                   = {5},
  Pages                    = {052023},
  Volume                   = {917},

  Hyphenation              = {english},
  Journal                  = {Journal of Physics: Conference Series},
  Organization             = {IOP Publishing},
  Owner                    = {leo},
  Timestamp                = {2018.12.12}
}

@Article{Romanova2018,
  Title                    = {One-Dimensional Photonic SiO 2--TiO 2 Crystals: Simulation and Synthesis by Sol--Gel Technology Methods},
  Author                   = {Romanova, VA and Matyushkin, LB and Moshnikov, VA},
  Year                     = {2018},
  Number                   = {1},
  Pages                    = {7--14},
  Volume                   = {44},

  Journal                  = {Glass Physics and Chemistry},
  Owner                    = {leo},
  Publisher                = {Springer},
  Timestamp                = {2018.12.12}
}

@Article{Tarasov2014,
  Title                    = {Study of the self-organization processes in lead sulfide quantum dots},
  Author                   = {Tarasov, S. A. and Aleksandrova, O. A. and Maksimov, A. I. and Maraeva, E. V. and Matyushkin, L. B. and Men’kovich, E. A. and Moshnikov, V. A. and Musikhin, S. F.},
  Year                     = {2014},
  Doi                      = {10.1134/S1063782614130132},
  Number                   = {13},
  Pages                    = {1729--1731},
  Volume                   = {48},

  Hyphenation              = {english},
  Journal                  = {Semiconductors},
  Owner                    = {leo},
  Publisher                = {Springer},
  Timestamp                = {2018.12.12}
}

@Article{Yurk2018,
  Title                    = {Effect of Ascorbic Acid Additions on the Mechanism Underlying the Growth of Nanostructured PbSe Films via Hydrochemical Deposition},
  Author                   = {Yurk, VM and Maskaeva, LN and Markov, VF and Maraeva, EV and Moshnikov, VA and Matyushkin, LB},
  Year                     = {2018},
  Number                   = {3},
  Pages                    = {221--228},
  Volume                   = {54},

  Journal                  = {Inorganic Materials},
  Owner                    = {leo},
  Publisher                = {Springer},
  Timestamp                = {2018.12.12}
}

